%% This BibTeX bibliography file was created using BibDesk.
%% https://bibdesk.sourceforge.io/

%% Created for Paul Keller at 2021-10-03 11:17:56 +0200 


%% Saved with string encoding Unicode (UTF-8) 

@incollection{Uemminghaus.2021,
author={Uemminghaus, Monika
and Wadthaporn, Suphattra
and Frey, Dieter},
editor={Frey, Dieter
and Uemminghaus, Monika},
title={Lernerfahrungen aus COVID-19: Wie kann digitale Lehre gut umgesetzt werden?\:},
bookTitle={Innovative Lehre an der Hochschule: Konzepte, Praxisbeispiele und Lernerfahrungen aus COVID-19 },
year={2021},
publisher={Springer Berlin Heidelberg},
address={Berlin, Heidelberg},
pages={87--102},

}

@incollection{Lehner.2018,
author="Lehner, Martin",
editor="Dittler, Ullrich
and Kreidl, Christian",
title="Lehren und Lernen an der Hochschule der Zukunft",
bookTitle="Hochschule der Zukunft: Beitr{\"a}ge zur zukunftsorientierten Gestaltung von Hochschulen",
year="2018",
publisher="Springer Fachmedien Wiesbaden",
address="Wiesbaden",
pages="167--185",

}


@BOOK{Braun.2013,
	AUTHOR = {Braun, Alexander},
	YEAR = {2013},
	TITLE = {Chatbots in der Kundenkommunikation - },
	EDITION = {},
	PUBLISHER = {Springer-Verlag},
	ADDRESS = {Berlin Heidelberg New York},
}

@BOOK{Fleuchaus.2015,
	AUTHOR = {Fleuchaus, Anja},
	YEAR = {2015},
	TITLE = {Der Umgang mit unterschiedlichen Lerntypen an einer Wirtschaftsschule: Empfehlungen für den Mathematikunterricht - },
	EDITION = {},
	PUBLISHER = {diplom.de},
	ADDRESS = {Hamburg},
}
@BOOK{Wieland.2020,
	AUTHOR = {Wieland, Jannik},
	YEAR = {2020},
	TITLE = {Lern- und Arbeitsmethodik im Studium. Einsatz, Nutzung und Zeitmanagement - Ein Erfahrungsbericht},
	EDITION = {},
	PUBLISHER = {GRIN Verlag},
	ADDRESS = {München},
}

@BOOK{Vester.2004,
	AUTHOR = {Vester, Frederic},
	YEAR = {2004},
	TITLE = {Denken, Lernen, Vergessen - was geht in unserem Kopf vor, wie lernt das Gehirn, und wann läßt es uns im Stich?},
	EDITION = {30. Auflage},
	PUBLISHER = {Dt. Taschenbuch-Verlag},
	ADDRESS = {Stuttgart},
}

@BOOK{Gaßner.2007,
	AUTHOR = {Gaßner, Elisabeth},
	YEAR = {2007},
	TITLE = {Lerntypen und Lernstrategien - },
	EDITION = {7. Auflage},
	PUBLISHER = {K2-Verlag},
	ADDRESS = {},
}

@BOOK{Franken.2020,
	AUTHOR = {Franken, Rolf AND Franken, Swetlana},
	YEAR = {2020},
	TITLE = {Wissen, Lernen und Innovation im digitalen Unternehmen - Mit Fallstudien und Praxisbeispielen},
	EDITION = {},
	PUBLISHER = {Springer-Verlag},
	ADDRESS = {Berlin Heidelberg New York},
}

@BOOK{Grotian.1999,
	AUTHOR = {Grotian, Kristine AND Beelich, Karl H.},
	YEAR = {1999},
	TITLE = {Lernen selbst managen - Effektive Methoden und Techniken für Studium und Praxis},
	EDITION = {},
	PUBLISHER = {Springer-Verlag},
	ADDRESS = {Berlin Heidelberg New York},
}


@BOOK{Groß.2017,
	AUTHOR = {Groß-Mlynek, Lena AND Bastian, Jasmin},
	YEAR = {2017},
	TITLE = {Lerntechniken und Wissensmanagement - Wissen erwerben, speichern und verwerten},
	EDITION = {},
	PUBLISHER = {UTB},
	ADDRESS = {Parderborn, München},
}


@BOOK{Metzig.2016,
	AUTHOR = {Metzig, Werner AND Schuster, Martin},
	YEAR = {2016},
	TITLE = {Lernen zu lernen - Lernstrategien wirkungsvoll einsetzen},
	EDITION = {},
	PUBLISHER = {Springer-Verlag},
	ADDRESS = {Berlin Heidelberg New York},
}

@BOOK{Maier.2017,
	AUTHOR = {Maier, Uwe},
	YEAR = {2017},
	TITLE = {Lehr-Lernprozesse in der Schule: Studium - Allgemeindidaktische Kategorien für die Analyse und Gestaltung von Unterricht},
	EDITION = {},
	PUBLISHER = {UTB},
	ADDRESS = {Parderborn, München},
}

@BOOK{Lämmel.2020,
	AUTHOR = {Lämmel, Uwe AND Cleve, Jürgen},
	YEAR = {2020},
	TITLE = {Künstliche Intelligenz - Wissensverarbeitung – Neuronale Netze},
	EDITION = {},
	PUBLISHER = {Carl Hanser Verlag GmbH  Co KG},
	ADDRESS = {M},
}

@BOOK{Kreutzer.2019,
	AUTHOR = {Kreutzer, Ralf T. AND Sirrenberg, Marie},
	YEAR = {2019},
	TITLE = {Künstliche Intelligenz verstehen - Grundlagen – Use-Cases – unternehmenseigene KI-Journey},
	EDITION = {},
	PUBLISHER = {Springer-Verlag},
	ADDRESS = {Berlin Heidelberg New York},
}

@BOOK{Sieber.2019,
	AUTHOR = {Sieber, Armin},
	YEAR = {2019},
	TITLE = {Dialogroboter - Wie Bots und künstliche Intelligenz Medien und Massenkommunikation verändern},
	EDITION = {},
	PUBLISHER = {Springer Fachmedien Wiesbaden},
	ADDRESS = {Wiesbaden},
}



@article{Ahmad_Siemon_Robra-Bissantz.2021, 
		title={Communicating with Machines: Conversational Agents with Personality and the Role of Extraversion\:}, 
		journal={Proceedings of the 54th Hawaii International Conference on System Sciences}, 
		author={Ahmad, Rangina and Siemon, Dominik and Robra-Bissantz, Susanne}, 
		year={2021}
} 
@article{Kerly_Ellis_Bull.2008, 
		title={CALMsystem: A Conversational Agent for Learner Modelling\:}, 
		journal={Applications and Innovations in Intelligent Systems XV}, 
		author={Kerly, Alice and Ellis, Richard and Bull, Susan}, 
		year={2008}, 
		pages={89–102}
}



@BOOK{Schrader.2008, 
	address={Bad Heilbrunn}, 
	title={Lerntypen bei Erwachsenen empirische Analysen zum Lernen und Lehren in der beruflichen Weiterbildung\:}, 
	publisher={Klinkhardt}, 
	author={Schrader, Josef}, 
	year={2008}
}



} 
@article{Folstad_Brandtzaeg.2017, 
	title={Chatbots and the new world of HCI\:}, 
	volume={24}, 
	number={4}, 
	journal={Interactions}, 
	author={Følstad, Asbjorn and Brandtzaeg, Petter}, 
	year={2017}, 
	pages={38–42}
}


@article{Oscar,
author = {Latham, Annabel and Crockett, Keeley and McLean, David and Edmonds, Bruce and O’Shea, Karen},
year = {2010},
pages = {1-8},
title = {Oscar: An intelligent conversational agent tutor to estimate learning styles},
journal = {Proc. IEEE World Congress on Computational Intelligence 2010},
}

@inproceedings{Hobert2019SayHT,
  title={Say Hello to 'Coding Tutor'! Design and Evaluation of a Chatbot-based Learning System Supporting Students to Learn to Program\:},
  author={Sebastian Hobert},
  booktitle={ICIS},
  year={2019}
}

@article{winkler_hobert_salovaara_söllner_leimeister_2020,
	 title={Sara, the Lecturer: Improving Learning in Online Education with a Scaffolding-Based Conversational Agent\:}, 
	 journal={Proceedings of the 2020 CHI Conference on Human Factors in Computing Systems},
	author={Winkler, Rainer and Hobert, Sebastian and Salovaara, Antti and Söllner, Matthias and Leimeister, Jan Marco}, 
	year={2020}
} 
@article{colissi_vieira_mascardi_bordini_2021, 
	title={A Chatbot that Uses a Multi-agent Organization to Support Collaborative Learning\:}, 
	journal={HCI International 2021 - Posters Communications in Computer and Information Science}, 
	author={Colissi, Mateus Da Silveira and Vieira, Renata and Mascardi, Viviana and Bordini, Rafael H.}, 
	year={2021}, 
	pages={31–38}
}

@book{berlinger.2002,
  title={Low-Budget E-Learning\:},
  author={Berlinger, D. and Suter, P.},
  series={Aus der Praxis f{\"u}r die Praxis},
  year={2002},
  publisher={h.e.p.-Verlag}
}

@book{marx.2006,
  title={Motivationale Aspekte beim E-Learning\:},
  author={Marx, J.},
  year={2006},
  publisher={GRIN Verlag}
}

@book{Plaue.2021,
author="Plaue, Matthias",
title="{\"U}berwachtes maschinelles Lernen",
bookTitle="Data Science: Grundlagen, Statistik und maschinelles Lernen",
year="2021",
publisher="Springer Berlin Heidelberg",
address="Berlin, Heidelberg",
pages="189--253",
}

@book{Treml.2004,
author="Treml, Alfred K.
and Becker, Nicole",
title="Lernen",
bookTitle="Einf{\"u}hrung in Grundbegriffe und Grundfragen der Erziehungswissenschaft",
year="2004",
publisher="VS Verlag f{\"u}r Sozialwissenschaften",
address="Wiesbaden",
pages="103--114",
}


@incollection{Reinmann.1998,
author="Reinmann-Rothmeier, Gabi and Mandl, Heinz",
editor="Klix, Friedhart
and Spada, Hans",
title="Wissensvermittlung Ansätze zur Förderung des Wissenserwerbs",
bookTitle="Enzyklop{\"a}die der Psychologie: Koginition - Band 6",
year="1998",
publisher="Hogrefe Verlag für Psychologie",
address="Göttingen",
pages="457-500",

}

@book{Kerres.2013,
author = {Michael Kerres},
title = {Mediendidaktik: Konzeption und Entwicklung mediengestützter Lernangebote\:},
year = {2013},
publisher = {Oldenbourg Wissenschaftsverlag},
ISBN = {9783486736038}
}

@incollection{Dietrich.2007,
author="Dietrich, Stephan",
editor="Dollhausen, Karin
and von Rein, Ekkehard Nuissl",
title="Die selbstgesteuert lernende Organisation: Organisatorische Implikationen des selbstgesteuerten Lernens der Mitarbeiter/innen",
bookTitle="Bildungseinrichtungen als „lernende Organisationen``? Befunde aus der Weiterbildung",
year="2007",
publisher="DUV",
address="Wiesbaden",
pages="75--97"
}


@book{Marsick.1990,
author = {Marsick, Victoria J and Watkins, Karen},
title ={Informal and Incidental Learning in the Workplace\:},
year = {1990},
address= {London: Routledge},
}

@article{Oerter.2012,
  title={Lernen en passant: Wie und warum Kinder spielend lernen\:},
  author={Rolf Oerter},
  journal={Journal of Childhood and Adolescence Research},
  year={2012},
  volume={7},
  pages={389-403}
}

@book{heckhausen.1989, 
	address={Berlin}, 
	title={Motivation und Handeln: Lehrbuch der Motivationspsychologie}, 
	publisher={Springer-Verlag},
	author={Heckhausen, Heinz}, 
	year={1989}
}

@book{tischner.2007,
  title={Diagnostik der Lernmotivation\:},
  author={Tischner, C.},
  year={2007},
  publisher={GRIN Verlag}
}

@book{rohr.2012,
  title={Inzidentelles Lernen: Wie Wir Beil{\"a}ufig Wissen Erwerben\:},
  author={Röhr-Sendlmeier, U.M.},
  series={Lebenslang Lernen},
  year={2012},
  publisher={Logos-Verlag}
}

@incollection{RoehrSendlmeier.2016,
author="R{\"o}hr-Sendlmeier, Una M.
and K{\"a}ser, Udo",
editor="Rohs, Matthias",
title="Informelles Lernen aus psychologischer Perspektive",
bookTitle="Handbuch Informelles Lernen",
year="2016",
publisher="Springer Fachmedien Wiesbaden",
address="Wiesbaden",
pages="207--223",
}

@incollection{rheinberg.2000,
	author = "Rheinberg, Falko and Vollmeyer, Regina and Burns, Bruce D.",
	title ="Motivation and self-regulated learning",
	booktitle = "Motivational psychology of human development: Developing motivation and motivating development",
	editor = "Jutta Heckhausen",
	year = "2000",
	pages = " 81–108",
	publisher= "Elsevier Science"
}

@book{heckhausen.1985,
 	address={Orlando},
 	title={Achievement motivation in perspective\:},
 	publisher={Academic Press},
 	author={Heckhausen, Heinz and Schmalt, Heinz-Dieter and Schneider, Klaus and Woodruff, Margaret and Wicklund, Robert},
	year={1985}
} 
@book{heckhausen.1980,
 	title={Lernmotivation im Unterricht, erneut betrachtet [Learning motivation in classes reconsidered]\:},
 	publisher={Unterrichtswissenschaft 8},
	pages = "7-47",
 	author={Heckhausen, Heinz and Rheinberg, Falko},
	year={1980}
} 
@book{heckhausen.1991,
	author={Heckhausen, Heinz},
 	title={Motivation and action\:},
 	publisher={Berlin: Springer},
	year={1991}
} 
@book{Rheinberg.1989,
 	title={Zweck und Tätigkeit [Purpose and action]\:},
	place={Germany},
	address={Göttingen},
 	author={Rheinberg, Falko},
	year={1989},
	publisher="Hogrefe Verlag für Psychologie",
} 
@incollection{Looss.2007,
author="Loo{\ss}, Maike",
editor="Kr{\"u}ger, Dirk and Vogt, Helmut",
title="Lernstrategien, Lernorientierungen, Lern(er)typen",
bookTitle="Theorien in der biologiedidaktischen Forschung: Ein Handbuch f{\"u}r Lehramtsstudenten und Doktoranden",
year="2007",
publisher="Springer Berlin Heidelberg",
address="Berlin, Heidelberg",
pages="141--152",
}


@article{Cress.2000,
author = {Creß, Ulrike and Friedrich, Helmut Felix},
year = {2000},
journal = {Zeitschrift für pädagogische Psychologie},
number = {4},
pages = {194-205},
title = {Selbst gesteuertes Lernen Erwachsener. Eine Lernertypologie auf der Basis von Lernstrategien, Lernmotivation und Selbstkonzept.},
volume = {14},
}
@incollection{Cress.2006,
	author="Cre{\ss}, Ulrike",
	editor="Mandel, Heinz and Friedrich, Helmut Felix",
	title=" Lernorientierungen,  Lernstile,  Lerntypen  und  kognitive  Stile",
	bookTitle="Handbuch Lernstrategien",
	year="2006",
	publisher="Hogrefe Verlag GmbH \& Co. KG",
	address=" Göttingen: Hogrefe",
	pages="365-377",
}
@incollection{Streblow.2006,
	author="Streblow, L. and Schiefele, U.",
	editor="Mandel, Heinz and Friedrich, Helmut Felix",
	title=" Lernstrategien im Studium",
	bookTitle="Handbuch Lernstrategien",
	year="2006",
	publisher="Hogrefe Verlag GmbH \& Co. KG",
	address=" Göttingen",
	pages="352-364",
}

@phdthesis{Martin.2012,
  	Type = {dissertation},
 	title={Lernstrategien und Umgang mit ICT von Studienanfängerinnen und - anfängern},
 	author={Pierre-Yves, Martin},
	year={2012},
	School="University of Zurich, Philosophische Fakultät",

} 
@phdthesis{Zeiter.2011,
  Type = {dissertation},
  title={Lerntypen - ein Mythos?\:},
  author={Zeiter, Rahel},
  School = {Pädagog. Hochschule Wallis},
  Year = {2011},
} 
@phdthesis{Thielke.2003,
  Type = {dissertation},
  title={Lernertypen und Lernstrategien in der hypermedialen Lernumgebung RACE},
  subtitle={-eine Untersuchung zur Bestimmung von Lernertypen über Selbsteinschätzungs- und Verhaltensdaten sowie ihr Einfluss auf die Lernleistung},
  author={Thielke, Stefan},
  School = {Universität Oldenburg Fakultät Philosophie/ Psychologie/ Sportwissenschaften},
  Year = {2003},
} 
@article{Leopold.2009,
  author = 	{Leopold, Claudia},
  title = 	{Lernstrategien und Textverstehen: Spontaner Einsatz und F{\"o}rderung von Lernstrategien\:},
  series = 	{P{\"a}dagogische Psychologie und Entwicklungspsychologie},
  year = 	{2009},
  publisher = 	{Waxmann},
  address = 	{M{\"u}nster},
  volume = 	{76},
}

@book{Wild.2000,
	author="Wild, Klaus-Peter",
	title="Lernstrategien im Studium: Strukturen und Bedingungen",
	year="2000",
	publisher="Pädagogische Psychologische und Entwicklungspsychologie: Band 16",
	address=" Münster: Waxmann",
}

@incollection{Wild.2006,
	author="Wild, Klaus-Peter",
	title="Lernstrategien und Lernstile",
	year="2006",
	editor="Rost, HD",
	bookTitle="Handwörterbuch Pädagogische Psychologie",
	publisher="Beltz PVU",
	address="Weinheim",
	pages="427-432",
}

@incollection{Weinstein.1986,
title= {The Teaching of Learning Strategies\:},
author={Weinstein, Claire E. and Mayer, Richard E.}, 
bookTitle = { Handbook of research on teaching },
editor = { American Educational Research Association and Wittrock, M. C. (Merlin C.), 1931- and American Educational Research Association },
publisher = { New York : Macmillan ; London : Collier Macmillan },
year = { 1986 },
type = { Book },
edition = { 3rd ed },
pages="315-327",

}


@article{WeinsteinPalmerSchulte.1987,
title = "Learning and Study Strategies Inventory (LASSI)",
author = "C.E. Weinstein and D. Palmer and A.C. Schulte",
year = "1987",
journal = "Clearwater, FL: H \& H Publishing",
}

@article{Felder.1995,
author = {Felder, Richard M. and Henriques, Eunice R.},
title = {Learning and Teaching Styles In Foreign and Second Language Education\:},
journal = {Foreign Language Annals},
volume = {28},
number = {1},
pages = {21-31},
year = {1995}
}

@article{Felder.1988,
author = {Felder, R. M. and Silverman, L. K. },
title = {Learning and Teaching Styles in Engineering Education\:},
journal = {Engr. Education},
volume = {78},
number = {7},
pages = {674-681},
year = {1988}
}



@incollection{Nett.2019,
  title={Selbstreguliertes Lernen\:},
  year={2019},
  address={Berlin},
  publisher={Springer},
  booktitle={Psychologie für den Lehrberuf},
  pages={67--84},
  editor={Urhahne, Detlef and Dresel, Markus and Fischer, Frank},
  author={Nett, Ulrike E. and Götz, Thomas}
}

 @article{Adel.2016, 
	title={Towards Socially Intelligent Automated Tutors\:}, 
	subtitle={Predicting Learning Style Dimensions from Conversational Dialogue},
	journal={2016 Intl IEEE Conferences on Ubiquitous Intelligence \& Computing, Advanced and Trusted Computing, Scalable Computing and Communications, Cloud and Big Data Computing, Internet of People, and Smart World Congress}, 
	author={Adel, Naeemeh and Latham, Annabel and Crockett, Keeley }, 
	year={2016}
 } 
  @article{Kim.2006, 
	title={A Social-Cognitive Framework for Pedagogical Agents as Learning Companions\:}, 
	journal={Education Tech Research Dev 54}, 
	author={ Kim, Y. and Baylor, A.L.}, 
	year={2006},
	pages={569–596}
 } 
@book{keller_2010, 
	address={New York}, 
	title={Motivational design for learning and performance: the ARCS model approach\:}, 
	publisher={Springer}, 
	author={Keller, John M.},
	year={2010}
}
@incollection{keller_1984, 
	title={The use of the ARCS model of motivation in teachertraining\:}, 
	booktitle={Aspects of educational technologyvolume  XVII\:  Staff  development  and  career  updating}, 
	editor         = {Trott,K. S. A. J. },
	author={Keller, John M.},
	year={1984},
	address={London},
	publisher      = {Kogan Page},
}

@article{Felder.2005,
author = {Felder, R. M. and Brent, R. },
title = {Understanding Student Differences\:},
journal = {Journal of Engineering Education, 1 },
year = {2005}
}

 @book{Biggs.1987,
author = {Biggs, J. B. },
title = {Student approaches to learning and studying\:},
journal = {Council for Educational Research},
year = {1987},
address={Melbourne: Australien},

}

 @book{Entwistle.1983,
author = {Entwistle, N.J. and Ramsden, P. },
title = {Understanding student learning\:},
year = {1983},
address={London: Croomhelm},

}

@incollection{Marton.1984, 
	title={Approaches to learning\:}, 
	booktitle={The experience of learning}, 
	editor         = {Marton, F. and Hounsell, D. J. and Entwistle, N. J.},
	author={Marton, F. and Säljö, R. John M.},
	year={1984},
	address={Edinburgh},
	publisher= {Scottish Academic Press},
	pages          = {36-55},
}

 @book{Vester.1998,
	AUTHOR = {Vester, Frederic},
	YEAR = {1998},
	TITLE = {Denken, Lernen, Vergessen - was geht in unserem Kopf vor, wie lernt das Gehirn, und wann läßt es uns im Stich?\:},
	EDITION = {25. Auflage},
	PUBLISHER = {Dt. Taschenbuch-Verlag},
	ADDRESS = {Stuttgart},

}

 @article{Neber.1994,
	AUTHOR = {Neber, H.},
	YEAR = {1998},
	TITLE = {Entwicklung und Erprobung einer Skala für Präferenzen zum kooperativen und kompetitiven Lernen\:},
	journal = {Psychologie in Erziehugn und Unterricht},
	pages = {282-290},
	volume          = {41},

}

 @article{Pask.1976,
	AUTHOR = {Pask, G.},
	YEAR = {1976},
	TITLE = {Styles and strategies of learning\:},
	journal = {British Journal of Educational Psychology},
	pages = {128-148},
	volume          = {46},

}
 @book{Kolb.1984,
	AUTHOR       = {D.A. Kolb}, 
	TITLE        = {Experiential learning: experience as the source of learning and development\:}, 
	YEAR         = {1984}, 
	ADDRESS      = {Englewood Cliffs, NJ},
	PUBLISHER    = {Prentice Hall}, 
}

 @book{Pintrich.1991,
	AUTHOR = {Pintrich, P. R. and Smith, D. A. F. and Garcia, T., and McKeachie, W. J. },
	YEAR = {1991},
	TITLE = {A manual for the use of the Motivated Strategies for Learning Questionnaire (MSLQ)\:},
	PUBLISHER    = { (Tech. Report No. 91-B-004). Boards of Regents, University of Michigan, Ann Arbor, MI}, 
}

 @article{Pintrich.1993,
	AUTHOR = {Pintrich, P. R. and Garcia, T. },
	YEAR = {1993},
	TITLE = {Intraindividual differences in students motivation and selfregulated learning\:},
	JOURNAL    = { Zeitschrift für Pädagogische Psychologie}, 
	volume          = {7},
	pages           = {99-107},
}
 
 @article{Wild.1994,
	AUTHOR = {Wild, K.-P. and Schiefele, U.},
	YEAR = {1994},
	TITLE = {Lernstrategien im Studium: Ergebnisse zur Faktorenstruktur und Reliabilität eines neuen Fragebogens\:},
	JOURNAL    = {Zeitschrift für Differentielle und Diagnostische Psychologie}, 
	volume          = {15},
	number          = {4},
	pages           = {185-200},
}
 @article{Svensson.1977,
	AUTHOR = {Wild, K.-P. and Schiefele, U.},
	YEAR = {1994},
	TITLE = {On qualitative differences in learning: III - Study Skill and learning\:},
	JOURNAL    = {British Journal of Educational Psychology}, 
	volume          = {47},
	pages           = {233-234},
}

 @book{Jung.1944,
	AUTHOR = {Jung, C. G.},
	YEAR = {1944},
	TITLE = {Psychological types or the psychology of individuation\:},
	PUBLISHER    = {(H.G. Baynes, Trans.). Harcourt, Brace.}, 

}

@book{füssel.2010, 
	address={Wiesbaden}, 
	title={Lernstrategien des Wirtschaftsprüfers für die Fortbildung in IFRS - eine theoretische und empirische Analyse\:}, 
	publisher={Gabler Verlag}, 
	author={Füssel, Julia}, 
	year={2010},
	editor         = {Köhler, A. and Marten, K-W. and Quick, R. and Ruhnke, K. Wolz, M.},
} 
@incollection{Zander2018,
author="Zander, Steffi
and Heidig, Steffi",
editor="Niegemann, Helmut
and Weinberger, Armin",
title="Motivationsdesign bei der Konzeption multimedialer Lernumgebungen",
bookTitle="Lernen mit Bildungstechnologien: Praxisorientiertes Handbuch zum intelligenten Umgang mit digitalen Medien",
year="2018",
publisher="Springer Berlin Heidelberg",
address="Berlin, Heidelberg",
pages="1--23",

}

@incollection{Gäde.2020,
	author="G{\"a}de, Jana C.
	and Schermelleh-Engel, Karin
	and Brandt, Holger",
	editor="Moosbrugger, Helfried
	and Kelava, Augustin",
	title="Konfirmatorische Faktorenanalyse (CFA)",
	bookTitle="Testtheorie und Fragebogenkonstruktion",
	year="2020",
	publisher="Springer Berlin Heidelberg",
	address="Berlin, Heidelberg",
	pages="615--659",

}

@inbook{diedrich.2019,
author = {Diederich, Stephan and Brendel, Alfred and Kolbe, Lutz},
year = {2019},
pages = {},
title = {Towards a Taxonomy of Platforms for Conversational Agent Design\:},
booktitle={Proceedings of the International Conference on Wirtschaftsinformatik}
}

@inbook{Gnewuch.2017,
author = {Gnewuch, Ulrich and Morana, Stefan and Maedche, Alexander},
year = {2017},
pages = {},
title = {Towards Designing Cooperative and Social Conversational Agents for Customer Service\:},
booktitle={Proceedings of the 38th International Conference on Information Systems (ICIS)}
}

@book{McTear.2016,
	author = {McTear, Michael and Callejas, Zoraida and Griol, David},
    title = {The Conversational Interface: Talking to Smart Devices\:},
    year = {2016},
    publisher = {Springer Publishing Company, Incorporated},
    edition = {1st},
}

@phdthesis{strohmann.2021,
  author = 	{Strohmann, Timo},
  title = 	{From Assistance to Companionship - Designing Virtual Companions},
  year = 	{2021},
  school    = {TU Braunschweig},

}

@article{Weizenbaum.1966,
  title={ELIZA—a computer program for the study of natural language communication between man and machine\:},
  author={Joseph Weizenbaum},
  journal={Commun. ACM},
  year={1966},
  volume={9},
  pages={36-45}
}

    
@inbook{Liddy.2001,
author = {Liddy, E.D. },
year = {2001},
pages = {},
title = {Natural Language Processing\:},
booktitle={Encyclopedia of Library and Information Science, 2nd Ed},
editor         = {Decker, Marcel},
}

@article{Ahmad.2021,
   title={A Comparison of Natural Language Understanding Platforms for Chatbots in Software Engineering\:},
   ISSN={2326-3881},
   journal={IEEE Transactions on Software Engineering},
   publisher={Institute of Electrical and Electronics Engineers (IEEE)},
   author={Abdellatif, Ahmad and Badran, Khaled and Costa, Diego and Shihab, Emad},
   year={2021},
   pages={1}
}

@book{Kong.2021,
	author = {Kong, Xiaoquan and Guan Wang, and Alan Nichol},
    title = {Conversational AI with Rasa\:},
    year = {2021},
    publisher = {Packt},
    edition = {1st},
}

@book{deru.2020,
  title={Deep Learning mit TensorFlow, Keras und TensorFlow.js\:},
  author={Deru, M. and Ndiaye, A. and Galileo Press},
  year={2020},
  publisher={Rheinwerk Verlag GmbH},
  edition = {2nd},
  address={Bonn},
 
}


@book{gentsch.2018,
  title={Künstliche  Intelligenz  für  Sales,  Marketing  und  Service,  Mit  AI  und  Bots  zu  einem Algorithmic Business – Konzepte, Technologien und Best Practices\:},
  author={Gentsch,  P.},
  year={2018},
  publisher={Springer Gabler},
  address={Wiesbaden},
 
}
@book{Basler.2021,
  title={Neuronale Netze mit C\# programmieren: Mit praktischen Beispielen f{\"u}r Machine Learning im Unternehmenseinsatz\:},
  author={Basler, D.},
  year={2021},
  publisher={Carl Hanser Verlag GmbH \& Company KG}
}
@incollection{Borah.2021,
author="Borah, Bhriguraj
and Pathak, Dhrubajyoti
and Sarmah, Priyankoo
and Som, Bidisha
and Nandi, Sukumar",
editor="Mandal, Jyotsna Kumar
and Mukhopadhyay, Somnath
and Dutta, Paramartha
and Dasgupta, Kousik",
title="Survey of Textbased Chatbot in Perspective of Recent Technologies",
booktitle="Computational Intelligence, Communications, and Business Analytics",
year="2019",
publisher="Springer Singapore",
address="Singapore",
pages="84--96",

}
@Techreport{Rosenblatt.1957,

  author = {Rosenblatt, F.},

 address = {Ithaca, New York},

 institution = {Cornell Aeronautical Laboratory},


 number = {85-460-1},

 title = {The perceptron - A perceiving and recognizing automaton\:},

 year = {1957},

}
@article{mcculloch1943,
  title={A logical calculus of the ideas immanent in nervous activity\:},
  author={McCulloch, Warren S and Pitts, Walter},
  journal={The bulletin of mathematical biophysics},
  volume={5},
  number={4},
  pages={115--133},
  year={1943},
  publisher={Springer}
}

@book{Alpaydin.2019,
author = {Alpaydin, Ethem},
title = {Maschinelles Lernen\:},
year = {2019},
publisher = {De Gruyter Oldenbourg},
}

@article{Janiesch.2021,
  author    = {Janiesch, Christian and
               Zschech, Patrick and
               Heinrich, Kai },
  title     = {Machine learning and deep learning\:},
  journal   = {CoRR},
  volume    = {abs/2104.05314},
  year      = {2021},
 
}

@inbook{Aljameel.2019,
author="Aljameel, Sumayh and O'Shea, James D. and Crockett, Keeley and Latham, Annabel",
editor="Arai, Kohei and Kapoor, Supriya and Bhatia, Rahul",
title={Can Lana CITS Support Learning in Autistic Children? A Case Study Evaluation\:},
booktitle="Intelligent Systems and Applications",
year="2019",
publisher="Springer International Publishing",
address="Cham",
pages="374--386",

}

@phdthesis{Latham.2011,
  author    = {Annabel Marie Latham},
  title     = {Personalising learning with dynamic prediction and adaptation to learning
               styles in a conversational intelligent tutoring system},
  school    = {Manchester Metropolitan University, {UK}},
  year      = {2011},
 
}

@article{Latham.2012,
author = {Latham, Annabel and Crockett, Keeley and McLean, David and Edmonds, Bruce},
year = {2012},
pages = {95-109},
title = {A Conversational Intelligent Tutoring System to Automatically Predict Learning Styles\:},
volume = {59},
journal = {Computers \& Education},
}
@article{Wang.2006,
author = {Wang, Hao-Chuan and Li, Tsai-Yen and Chang, Chun-Yen},
year = {2006},
pages = {331-355},
title = {A web-based tutoring system with styles-matching strategy for spatial geometric transformation\:},
journal = {Interacting with Computers},
volume = {18},
number          = {3},


}

@article{Li.2010,
  title={An Adaptive Course Generation Framework\:},
  author={Frederick Li and Rynson Lau and Parthiban Dharmendran},
  journal={Int. J. Distance Educ. Technol.},
  year={2010},
  volume={8},
  pages={47-64}
}

@article{Carver.1996,
author = {Carver, Curtis and Howard, R. and Lavelle, E.},
year = {1996},
pages = {},
title = {Enhancing student learning by incorporating learning styles into adaptive hypermedia\:},
volume = {96},
journal = {EDMEDIA}
}

@article{Funda.2009,
author = {Dag, Funda and Gecer, Aynur},
year = {2009},
pages = {862-871},
title = {Relations between online learning and learning styles\:},
volume = {11},
journal = {Procedia - Social and Behavioral Sciences},

}

@article{Popescu.2009,
author = {Popescu, Elvira},
year = {2009},
title = {Diagnosing Students' Learning Style in an Educational Hypermedia System\:},
journal = {Cognitive and Emotional Processes in Web-Based Education: Integrating Human Factors and Personalization},

}

@book{Silvervarg.2012,
author = {Silvervarg, Annika and Raukola, Kristin and Haake, Magnus and Gulz, Agneta},
year = {2012},
pages = {153-160},
title = {The Effect of Visual Gender on Abuse in Conversation with ECAs\:},
volume = {7502},
}

@book{Pearl.2016,
  title={Designing Voice User Interfaces\:},
  author={Pearl, C.},
  year={2016},
  publisher={O'Reilly Media, Incorporated}
}

@book{Wambsganß.2021,
author = {Wambsganß, Thiemo and Höch, Anne and Zierau, Naim and Söllner, Matthias},
year = {2021},
title = {Ethical Design of Conversational Agents: Towards Principles for a Value-Sensitive Design\:}
}

@book{Wambsganß.2020,
author = {Wambsganß, Thiemo and Söllner, Matthias and Leimeister, Jan Marco},
year = {2020},
title = {Design and Evaluation of an Adaptive Dialog-Based Tutoring System for Argumentation Skills\:}
}

@book{Liebrecht.2020,
author = {Liebrecht, Christine and Hooijdonk, Charlotte},
year = {2020},
pages = {51-64},
title = {Creating Humanlike Chatbots: What Chatbot Developers Could Learn from Webcare Employees in Adopting a Conversational Human Voice\:},
}

@article{Kelley.1984,
  title={An iterative design methodology for user-friendly natural language office information applications\:},
  author={J. F. Kelley},
  journal={ACM Trans. Inf. Syst.},
  year={1984},
  volume={2},
  pages={26-41}
}
@book{Barrett.2012,
  title={Ultimate Aptitude Tests: Assess and Develop Your Potential with Numerical, Verbal and Abstract Tests\:},
  author={Barrett, J. and Barrett, T.},
  series={Kogan Page Series},
  year={2012},
  publisher={Kogan Page}
}
@book{Gruber.2010,
  title={The World's 200 Hardest Brain Teasers: Mind-Boggling Puzzles, Problems, and Curious Questions to Sharpen Your Brain\:},
  author={Gruber, G.R.},
  year={2010},
  publisher={Sourcebooks, Incorporated}
}

 @misc{ILS.1991, 
 title={Index of Learning Styles}, 
 url = {https://www.engr.ncsu.edu/stem-resources/legacy-site/learning-styles/}, 
 urldate      = {2022-01-22},
author = {Felder, Richard and Soloman, Barbara},
year = {1991},

 } 

  @misc{FelderSoloman,
 author = {Felder, Richard M. and Soloman, Barbara A.},
 urldate      = {2021-12-28},
  url={https://www.engr.ncsu.edu/wp-content/uploads/drive/1WPAfj3j5o5OuJMiHorJ-lv6fON1C8kCN/styles.pdf},
  year = {o. J.},

  } 

  @misc{Felder.2002,
author = {Felder, Richard},
year = {2002},
title = {Learning and Teaching Styles in Engineering Education-Author´s Preface},
url ={https://www.engr.ncsu.edu/wp-content/uploads/drive/1QP6kBI1iQmpQbTXL-08HSl0PwJ5BYnZW/1988-LS-plus-note.pdf},
 urldate      = {2022-01-28},

}

@article{Brendel.2021,
    affiliation = {Wirtschaftsinformatik, insb. Intelligente Systeme und Dienste},
    title = {Do you Feel a Connection? How Human-like Design of Conversational Agents Influences Donation Behavior\:},
    journal = {Proceedings of Internationale Tagung Wirtschaftsinformatik},
    keywords = {Connection Human-like Design Conversational Agents Influences Donation },
    year = {2021},
    author = {Bührke, J. and Brendel, A. B. and Lichtenberg, S. and Diederich, S. and Morana, S.}
} 


@book{Thanaki.2017,
  title={Python Natural Language Processing\:},
  author={Thanaki, J.},
  isbn={9781787285521},
  year={2017},
  publisher={Packt Publishing}
}

@book{Kabel.2020,
author = {Kabel, Peter},
year = {2020},
pages = {},
title = {Dialog zwischen Mensch und Maschine: Conversational User Interfaces, intelligente Assistenten und Voice-Systeme\:},
}

@book{Lakshmanan.2021,
  title={Design Patterns f{\"u}r Machine Learning: Entwurfsmuster f{\"u}r Datenaufbereitung, Modellbildung und MLOps\:},
  author={Lakshmanan, V. and Robinson, S. and Munn, M. and Langenau, F.},
  series={Animals},
  year={2021},
  publisher={O'Reilly}
}

@inproceedings{Strohmann.2018,
author = {Strohmann, Timo and Michalke, Simon and Siemon, Dominik and Brachten, Florian and Lattemann, Christoph and Robra-Bissantz, Susanne and Stieglitz, Stefan},
year = {2018},
title = {Virtual Moderation Assistance - Creating Design Guidelines for Virtual Assistants Supporting Creative Workshops\:},
publisher= {PACIS 2018 Proceedings. 80.} 
}
@inproceedings{Krause.2015,
author = {Krause, Markus and Williams, Joseph},
year = {2015},
title = {A Playful Game Changer: Fostering Student Retention in Online Education with Social Gamification\:},
publisher = {Association for Computing Machinery},
address = {New York, NY, USA},
}

@article{Arai.2014,
author = {Arai, Satoshi and Sakamoto, Kazunori and Washizaki, Hironori and Fukazawa, Yoshiaki},
year = {2014},
pages = {},
title = {A Gamified Tool for Motivating Developers to Remove Warnings of Bug Pattern Tools\:},
journal = {Proceedings - 2014 6th International Workshop on Empirical Software Engineering in Practice, IWESEP 2014},
}

@article{Johnson.2022,
author = {Johnson, Christian and Urazov, Maksim and Zanoli, Emma},
year = {2022},
pages = {141-148},
title = {Escapeling: A Gamified, AI-Supported Chatbot for Collaborative Language Practice\:},
isbn = {978-3-030-90676-4},
doi = {10.1007/978-3-030-90677-1_14}
}

@InProceedings{Söbke.2019,
author="S{\"o}bke, Heinrich",
editor="Gentile, Manuel
and Allegra, Mario
and S{\"o}bke, Heinrich",
title="A Case Study of Deep Gamification in Higher Engineering Education",
booktitle="Games and Learning Alliance",
year="2019",
publisher="Springer International Publishing",
address="Cham",
pages="375--386",
}

@article{Pechenkina.2017,
author = {Pechenkina, Ekaterina and Laurence, Daniel and Oates, Grainne and Eldridge, Daniel and Hunter, Dan},
year = {2017},
pages = {1-12},
title = {Using a gamified mobile app to increase student engagement, retention and academic achievement\:},
volume = {14},
journal = {International Journal of Educational Technology in Higher Education},
}

@article{Roediger.2011,
author = {Roediger, Henry and Agarwal, Pooja and Mcdaniel, Mark and McDermott, Kathleen},
year = {2011},
pages = {382-95},
title = {Test-Enhanced Learning in the Classroom: Long-Term Improvements From Quizzing\:},
volume = {17},
journal = {Journal of experimental psychology. Applied},
doi = {10.1037/a0026252}
}

@InProceedings{Söbke.2015,
author="S{\"o}bke, Heinrich",
editor="Chorianopoulos, Konstantinos
and Divitini, Monica
and Baalsrud Hauge, Jannicke
and Jaccheri, Letizia
and Malaka, Rainer",
title="Space for Seriousness?",
booktitle="Entertainment Computing - ICEC 2015",
year="2015",
publisher="Springer International Publishing",
address="Cham",
pages="482--489",
isbn="978-3-319-24589-8"
}
@article{Sailer.2013,
author = {Sailer, Michael and Hense, Jan and Mandl, Heinz and Klevers, Markus},
year = {2013},
pages = {18-37},
title = {Psychological Perspectives on Motivation through Gamification\:},
volume = {19},
journal = {Interaction Design and Architecture(s) Journal}
}

@article{Hevner.2007,
author = {Hevner, Alan},
year = {2007},
pages = {},
title = {A Three Cycle View of Design Science Research\:},
volume = {19},
journal = {Scandinavian Journal of Information Systems}
}

@article{Gregor.2013,
author = {Gregor, Shirley and Hevner, Alan},
year = {2013},
pages = {337-356},
title = {Positioning and Presenting Design Science Research for Maximum Impact\:},
volume = {37},
journal = {MIS Quarterly},
}

@article{Jain.2018,
  title={Evaluating and Informing the Design of Chatbots},
  author={Mohit, Jain and Pratyush, Kumar and Ramachandra, Kota and Shwetak N., Patel},
  journal={Proceedings of the 2018 Designing Interactive Systems Conference},
  year={2018}
}
@inproceedings{feine.2020,
author = {Feine, Jasper and Adam, Martin and Benke, Ivo and Maedche, Alexander and Benlian, Alexander},
year = {2020},
pages = {},
title = {Exploring Design Principles for Enterprise Chatbots: An Analytic Hierarchy Process Study}
}

 @misc{kumar.2021, 
 title={How conversational AI is shaping the future of the education sector}, 
 url = {https://www.entrepreneur.com/article/372397}, 
 urldate      = {2021-10-23},
 journal={Entrepreneur}, 
 publisher={Entrepreneur}, 
 author={Kumar, Saurabh}, 
 year={2021},

 } 
@misc{pinker.2019, 
title={Technik, chatbots, innovation – die zukunft der bildung},
url ={https://medialist.info/2019/03/03/technik-chatbots-innovation-die-zukunft-der-bildung/},
urldate      = {2021-10-23},
journal={Medialist}, 
author={Pinker, Alexander},
year={2019}
} 

@misc{weck.2020,                                                                                        
title={E-learning: Ohne Diese Fähigkeit wird es nicht klappen – Laut Bildungsexperte},
url ={https://t3n.de/news/e-learning-wichtige-faehigkeit-selbstlernkompetenz-1271170/},
urldate      = {2021-11-06},
journal={t3n Magazin}, 
author={Weck, Andreas},                                                                                                 
year={2020}
}


 @misc{grötz.2018,
title={Chatbots Entwickeln},
url ={https://www.heise.de/select/ix/2018/6/1527814646028534},
urldate      = {2022-01-04},
journal={Heise Magazine},
publisher={Heise},
author={Grötz, Rudolf},
year={2018}
}  

@misc{villar.2017,
title={Creating conversational experiences: Planning},
url ={https://medium.com/landbot-io/building-conversational-experiences-i-planning-c3041e71387a},
urldate      = {2021-12-22},
journal={Medium},
publisher={Landbot.io}, 
author={Villar, Cristobal}, 
year={2017}, 
} 

 @misc{neill.2018, 
title={Should a bot have to tell you it's a bot?},
url ={https://medium.com/s/story/should-a-bot-have-to-tell-you-its-a-bot-e9fa29f0b9d4},
urldate      = {2021-12-22},
journal={Medium},
publisher={Medium}, 
author={O'Neill, Kate}, 
year={2018},
} 
 @misc{wuttke.2021,
  title={Künstliche neuronale netzwerke: Definition, Einführung, Arten und Funktion},
   url={https://datasolut.com/neuronale-netzwerke-einfuehrung/},
   urldate      = {2022-01-20},

    journal={datasolut GmbH},
	 author={Wuttke, Laurenz}, 
	 year={2021},
	  } 


 @misc{brill.2021, 
 title={Deep Learning in der Textverarbeitung},
  url={https://digitaleweltmagazin.de/fachbeitrag/deep-learning-in-der-textverarbeitung},
   urldate      = {2022-01-20},

   journal={DIGITALE WELT},
    author={Brill, Sabrina},
	 year={2021}, 
} 


@article{Bickmore.2010,
author = {Bickmore, Timothy and Mitchell, Suzanne and Jack, Brian and Paasche-Orlow, Michael and Pfeifer, Laura and Odonnell, Julie},
year = {2010},
pages = {289-298},
title = {Response to a Relational Agent by Hospital Patients with Depressive Symptoms},
volume = {22},
journal = {Interacting with computers},
}

@Article{Fitzpatrick.2017,
author="Fitzpatrick, Kathleen Kara
and Darcy, Alison
and Vierhile, Molly",
title="Delivering Cognitive Behavior Therapy to Young Adults With Symptoms of Depression and Anxiety Using a Fully Automated Conversational Agent (Woebot): A Randomized Controlled Trial",
journal="JMIR Ment Health",
year="2017",
volume="4",
number="2",

}

@BOOK{Cohen.1988,
	AUTHOR = {Cohen, Jacob},
	YEAR = {1988},
	title = {Statistical Power Analysis for the Behavioral Sciences},
	EDITION = {2nd ed.},
	PUBLISHER = {Routledge},
}

@book{schöneck.2015,
  title={Das Forschungsprojekt: Planung, Durchf{\"u}hrung und Auswertung einer quantitativen Studie},
  author={Sch{\"o}neck, N.M. and Vo{\ss}, W.},
  year={2015},
  publisher={VS Verlag f{\"u}r Sozialwissenschaften}
}

@book {Mayring.2015, 
	title = "Qualitative Inhaltsanalyse",
	author = "Mayring, Philipp",
	year = "2015",
	edition = "12",
	publisher = "Beltz Verlagsgruppe",
}

@book {Kuckartz.2018, 
	title = "Qualitative Inhaltsanalyse. Methoden, Praxis, Computerunterst�tzung",
	author = "Kuckartz, Udo",
	year = "2018",
	edition = "4",
	publisher = "Beltz Verlagsgruppe",
}

@Inbook{Eckstein.2004,
author="Eckstein, Peter P.",
title="Reliabilit{\"a}tsanalyse",
bookTitle="Angewandte Statistik mit SPSS: Praktische Einf{\"u}hrung f{\"u}r Wirtschaftswissenschaftler",
year="2004",
publisher="Gabler Verlag",
address="Wiesbaden",
pages="289--306",
}

@book{blanz.2021,
author = {Blanz, Mathias},
year = {2021},
publisher = {Kohlhammer Verlag},
title = {Forschungsmethoden und Statistik für die Soziale Arbeit. Grundlagen und Anwendungen.},
} 


@article{Blohm.2013,
author="Blohm, Ivo
and Jan, Leimeister",
title="Gamification: Gestaltung IT-basierter Zusatzdienstleistungen zur Motivationsunterstützung und Verhaltensänderung",
journal="Wirtschaftsinformatik",
year="2013",
volume="55",
number="4",
pages           = {275-278},

}

@article{Holtgraves.2007,
author = {Holtgraves, Thomas and Ross, S.J. and Weywadt, C.R. and Han, T.L.},
year = {2007},
title = {Perceiving Artificial Social Agents},
volume = {23},
journal = {Computers in Human Behavior},
}


@article{Gefen.1997,
author = {Gefen, David and Straub, Detmar},
year = {1997},
pages = {389-400},
title = {Gender Differences in the Perception and Use of E-Mail: An Extension to the Technology Acceptance Model},
volume = {21},
journal = {MIS Quarterly},
}


@incollection{tiedemann.2001,
author="Tiedemann, J.",
editor="Rost, D. H.",
title="Kognitive Stile",
bookTitle="Handwörterbuch Pädagogische Psychologie",
year="2001",
publisher="Beltz PVU",
address="Weinheim",
pages="337--342",

}

@article{MacDorman.2009,
author = {MacDorman, Karl F. and Green, Robert D. and Ho, Chin-Chang and Koch, Clinton T.},
title = {Too Real for Comfort? Uncanny Responses to Computer Generated Faces},
year = {2009},
issue_date = {May, 2009},
publisher = {Elsevier Science Publishers B. V.},
address = {NLD},
volume = {25},
number = {3},
issn = {0747-5632},
url = {https://doi.org/10.1016/j.chb.2008.12.026},
doi = {10.1016/j.chb.2008.12.026},
abstract = {As virtual humans approach photorealistic perfection, they risk making real humans uncomfortable. This intriguing phenomenon, known as the uncanny valley, is well known but not well understood. In an effort to demystify the causes of the uncanny valley, this paper proposes several perceptual, cognitive, and social mechanisms that have already helped address riddles like empathy, mate selection, threat avoidance, cognitive dissonance, and psychological defenses. In the four studies described herein, a computer generated human character's facial proportions, skin texture, and level of detail were varied to examine their effect on perceived eeriness, human likeness, and attractiveness. In Study I, texture photorealism and polygon count increased human likeness. In Study II, texture photorealism heightened the accuracy of human judgments of ideal facial proportions. In Study III, atypical facial proportions were shown to be more disturbing on photorealistic faces than on other faces. In Study IV, a mismatch in the size and texture of the eyes and face was especially prone to make a character eerie. These results contest the depiction of the uncanny valley as a simple relation between comfort level and human likeness. This paper concludes by introducing a set of design principles for bridging the uncanny valley.},
journal = {Comput. Hum. Behav.},
month = {may},
pages = {695–710},
numpages = {16},
keywords = {Anthropomorphism, Facial perception, Uncanny valley, Masahiro Mori, Social cognitive neuroscience}
}

@article{Gefen.1997,
author = {Gefen, David and Straub, Detmar},
year = {1997},
title = {Gender Differences in the Perception and Use of E-Mail: An Extension to the Technology Acceptance Model},
volume = {21},
journal = {MIS Quarterly},
}

@article{Tinwell.2014,
author = {Tinwell, Angela},
year = {2014},
pages = {286-296},
title = {Children's Perception of Uncanny Human-Like Virtual Characters},
volume = {2014},
journal = {Computers in Human Behavior},
}


@article{Bartneck.2008,
author = {Bartneck, Christoph and Kulic, Dana and Croft, Elizabeth and Zoghbi, Susana},
year = {2008},
pages = {71-81},
title = {Measurement Instruments for the Anthropomorphism, Animacy, Likeability, Perceived Intelligence, and Perceived Safety of Robots},
volume = {1},
journal = {International Journal of Social Robotics},
}

@inproceedings{Powers.2006,
author = {Powers, Aaron and Kiesler, Sara},
year = {2006},
title = {The Advisor Robot: Tracing People's Mental Model from a Robot's Physical Attributes},
volume = {2006},
journal = {HRI 2006: Proceedings of the 2006 ACM Conference on Human-Robot Interaction},
}

@article{Jiang.2002,
author = {Jiang, James and Klein, Gary and Carr, Christopher},
year = {2002},
pages = {145-166},
title = {Measuring information system service quality: SERVQUAL from the other side},
volume = {26},
journal = {MIS Quarterly},
}

@article{Lee.2002,
author = {Lee, Eun-Ju and Nass, Clifford},
year = {2002},
month = {07},
pages = {349 - 381},
title = {Experimental Tests of Normative Group Influence and Representation Effects in Computer‐Mediated Communication},
volume = {28},
journal = {Human Communication Research},
}

@book{Kircher.2007,
  title={Neuropsychologie der Schizophrenie: Symptome, Kognition, Gehirn},
  author={Kircher, T. and Gauggel, S.},
  year={2007},
  publisher={Springer Berlin Heidelberg}
}


@book{Roth.1997,
  title={Das Gehirn und seine Wirklichkeit. Kognitive Neurobiologie und
ihre philosophischen Konsequenzen},
  author={Roth, Gerhard },
  year={1997},
  publisher={Suhrkamp Verlag}
}


@book{berting.2011,
  title={Neurophysiologische Behandlung bei Erwachsenen: Grundlagen der Neurologie, Behandlungskonzepte, Alltagsorientierte Therapieans{\"a}tze},
  author={Berting-H{\"u}neke, C. and Haus, K.M. and George, S. and Kleinschmidt, U. and Harth, A. and Hary, H. and Ott-Schindele, R. and Speight, I.},
  year={2011},
  publisher={Springer Berlin Heidelberg}
}

